@book{huppert1998character,
  title={Character theory of finite groups},
  author={Huppert, Bertram},
  issn={0938-6572},
  isbn={3-11-015421-8},
  series={De Gruyter expositions in mathematics},
  year={1998},
  publisher={Walter de Gruyter}
}

@book{bosch2006algebra,
  title={Algebra},
  author={Bosch, Siegfried},
  isbn={978-3-540-29880-9},
  series={Springer-Lehrbuch},
  year={2006},
  publisher={Springer}
}


@BOOK{matousek2007diskrete, 
title={Diskrete Mathematik: Eine Entdeckungsreise},
author={Matou{\v{s}}ek, Ji{\v{r}}í and Ne{\v{s}}et{\v{r}}il, Jaroslav},
publisher={Springer},
year={2007},
edition={2. Aufl.},
isbn={978-3-540-30150-9},
timestamp={2011.10.30},
series={Springer-Lehrbuch},
}

@book{korte2012combinatorial,
  title={Combinatorial optimization: theory and algorithms},
  author={Korte, Bernhard and Vygen, Jens},
  edition={5th edition},
  series={Algorithms and Combinatorics},
  volume       = {21},
  year={2012},
  publisher={Springer},
  issn     = {0937-5511}
}

@book{schrijver2003combinatorial,
title        = {Combinatorial {Optimization} - {Polyhedra} {And} {Efficiency}},
author       = {Schrijver, Alexander},
series       = {Algorithms and Combinatorics},
year         = {2003},
volume       = {24},
publisher    = {Springer},
issn         = {0937-5511}
}

@book{lovasz_combinatorics, 
author = {Lovász, László},
title = {Combinatorial Problems and Exercises},
edition = {2nd edition}, 
publisher = {North Holland}, 
isbn = {044481504X},
year = {1993},
-pages = {636}
}

@unpublished{sorgatz2011,
title={Ganzzahligkeit einer erweiterten Formulierung für das Spanning-Tree-Polytop},
author={Stephan Sorgatz},
note={Studienarbeit},
month={Juli},
year={2011}
}

@article {springerlink:ext_form_comb_opt,
   author = {Conforti, Michele and Cornuéjols, Gérard and Zambelli, Giacomo},
   affiliation = {Università di Padova Padua Italy},
   title = {Extended formulations in combinatorial optimization},
   journal = {4OR: A Quarterly Journal of Operations Research},
   publisher = {Springer Berlin / Heidelberg},
   issn = {1619-4500},
   keyword = {Management, Betriebs- und Volkswirtschaftslehre},
   pages = {1-48},
   volume = {8},
   issue = {1},
   url = {http://dx.doi.org/10.1007/s10288-010-0122-z},
   note = {10.1007/s10288-010-0122-z},
   year = {2010}
}

@article {optima:ext_form_comb_opt,
   author = {Kaibel, Volker},
   title = {Extended Formulations in Combinatorial Optimization},
   journal = {Optima},
   publisher = {Mathematical Optimization Society},
   pages = {2-6},
   volume = {85},
   year = {2011}
}

@article {yannakakis:comb_lin, 
	author = {Yannakakis, Mihalis}, 
	title = {Expressing combinatorial optimization problems by Linear Programs}, 
	volume = {43},
	issue = {3}, 
	year = {1991}, 
	month = {Dec}, 
	pages = {441–466}
}

@incollection{magnanti_wolsey1995,
author = {Magnanti, Thomas L. and Wolsey, Laurence A.},
booktitle = {Handbooks in Operations Research and Management Science},
title = {Optimal Trees},
volume = {7: Network Models},
publisher = {Elsevier}, 
pages = {503–616}, 
year = {1995},
editor = {Ball, M.O. and Magnanti, T.L. and Monma, C.L. and Nemhauser, G.L.}
}

@incollection{polymake,
  author =       {Ewgenij Gawrilow and Michael Joswig},
  title =        {polymake: a Framework for Analyzing Convex Polytopes},
  pages =        {43-74},
  editor =       {Gil Kalai and G\"unter M. Ziegler},
  booktitle =    {Polytopes --- Combinatorics and Computation},
  publisher =    {Birkh\"auser},
  year =         {2000}
}

